@Misc{shah,
  author = {Shah, Vijay K.},
  title  = {Designing Green Communication Systems for Smart and Connected Communities via Dynamic Spectrum Access},
  year   = {2018},
  date   = {2018-09-20},
}

@Misc{cisco,
  editor       = {Cisco},
  title        = {Cisco Visual Networking Index:Forecast and Methodology, 2016-2021},
  year         = {2017},
  date         = {2017-09-15},
  howpublished = {\url{https://www.cisco.com/c/en/us/solutions/collateral/service-provider/visual-networking-index-vni/complete-white-paper-c11-481360.html}},
}

