% Encoding: UTF-8

@Misc{kham,
  author = {Khamesi, Atieh R.},
  title  = {Stochastic Geometry and Wireless Networks},
  year   = {2018},
  date   = {2018-09-18},
}

@Misc{ppp,
  editor       = {Wikipedia},
  title        = {Poisson Point Process},
  year         = {2018},
  date         = {2018-09-17},
  howpublished = {\url{https://en.wikipedia.org/wiki/Poisson_point_process}},
}

@Misc{poissond,
  editor       = {Wikipedia},
  title        = {Poisson Distribution},
  year         = {2018},
  date         = {2018-09-18},
  howpublished = {\url{https://en.wikipedia.org/wiki/Poisson_distribution}},
}

@Misc{randv,
  editor       = {Wikipedia},
  title        = {Random Variable},
  year         = {2018},
  date         = {2018-09-17},
  howpublished = {\url{https://en.wikipedia.org/wiki/Random_variable}},
}

@Comment{jabref-meta: databaseType:biblatex;}
